
@article{comte2018,
	title = {Fish dispersal in flowing waters: A synthesis of movement- and genetic-based studies},
	author = {{Comte}, {Lise} and {Olden}, {Julian D.}},
	year = {2018},
	date = {2018},
	journal = {Fish and Fisheries},
	pages = {1063--1077},
	volume = {19},
	number = {6},
	doi = {10.1111/faf.12312}
}

@article{triantis2012,
	title = {The island species-area relationship: biology and statistics},
	author = {{Triantis}, {Kostas A.} and {Guilhaumon}, {François} and {Whittaker}, {Robert J.}},
	year = {2012},
	date = {2012},
	journal = {Journal of Biogeography},
	pages = {215--231},
	volume = {39},
	number = {2},
	doi = {https://doi.org/10.1111/j.1365-2699.2011.02652.x},
	url = {https://onlinelibrary.wiley.com/doi/abs/10.1111/j.1365-2699.2011.02652.x},
	note = {{\_}eprint: https://onlinelibrary.wiley.com/doi/pdf/10.1111/j.1365-2699.2011.02652.x},
	langid = {en}
}

@article{kallimanis2008,
	title = {How does habitat diversity affect the species-area relationship?},
	author = {{Kallimanis}, {Athanasios S.} and {Mazaris}, {Antonis D.} and {Tzanopoulos}, {Joseph} and {Halley}, {John M.} and {Pantis}, {John D.} and {Sgardelis}, {Stefanos P.}},
	year = {2008},
	date = {2008},
	journal = {Global Ecology and Biogeography},
	pages = {532--538},
	volume = {17},
	number = {4},
	doi = {https://doi.org/10.1111/j.1466-8238.2008.00393.x},
	url = {https://onlinelibrary.wiley.com/doi/abs/10.1111/j.1466-8238.2008.00393.x},
	note = {{\_}eprint: https://onlinelibrary.wiley.com/doi/pdf/10.1111/j.1466-8238.2008.00393.x
tex.ids: kallimanisHowDoesHabitat2008},
	langid = {en}
}

@article{lomolino2000,
	title = {Ecology's most general, yet protean pattern: the species-area relationship},
	author = {{Lomolino}, {Mark V.}},
	year = {2000},
	date = {2000},
	journal = {Journal of Biogeography},
	pages = {17--26},
	volume = {27},
	number = {1},
	url = {https://www.jstor.org/stable/2655979},
	note = {tex.ids: lomolinoEcologyMostGeneral2000
publisher: Wiley}
}

@article{arrhenius1921,
	title = {Species and area},
	author = {{Arrhenius}, {Olof}},
	year = {1921},
	date = {1921},
	journal = {Journal of Ecology},
	pages = {95--99},
	volume = {9},
	number = {1},
	doi = {10.2307/2255763},
	url = {https://www.jstor.org/stable/2255763},
	note = {Publisher: [Wiley, British Ecological Society]}
}

@book{hubbell2001,
	title = {The unified neutral theory of biodiversity and biogeography},
	author = {{Hubbell}, {Stephen P.}},
	year = {2001},
	month = {04},
	date = {2001-04-29},
	publisher = {Princeton University Press},
	note = {Google-Books-ID: EIQpFBu84NoC},
	langid = {en}
}

@book{losos2009,
	title = {The theory of island biogeography revisited},
	author = {{Losos}, {Jonathan B.} and {Ricklefs}, {Robert E.}},
	year = {2009},
	date = {2009},
	publisher = {Princeton University Press},
	address = {Princeton}
}

@article{he2011,
	title = {Species-area relationships always overestimate extinction rates from habitat loss},
	author = {{He}, {F. L.} and {Hubbell}, {S. P.}},
	year = {2011},
	month = {05},
	date = {2011-05-19},
	journal = {Nature},
	pages = {368--371},
	volume = {473},
	number = {7347}
}

@article{myers2000,
	title = {Biodiversity hotspots for conservation priorities},
	author = {{Myers}, {Norman} and {Mittermeier}, {Russell A.} and {Mittermeier}, {Cristina G.} and {da Fonseca}, {Gustavo A. B.} and {Kent}, {Jennifer}},
	year = {2000},
	month = {02},
	date = {2000-02},
	journal = {Nature},
	pages = {853--858},
	volume = {403},
	number = {6772},
	doi = {10.1038/35002501},
	url = {http://www.nature.com/articles/35002501},
	langid = {en}
}

@article{desmet2004,
	title = {Using the species-area relationship to set baseline targets for conservation},
	author = {{Desmet}, {Philip} and {Cowling}, {Richard}},
	year = {2004},
	date = {2004},
	journal = {Ecology and Society},
	pages = {art11},
	volume = {9},
	number = {2},
	doi = {10.5751/ES-01206-090211},
	url = {http://www.ecologyandsociety.org/vol9/iss2/art11/},
	langid = {en}
}

@article{neigel2003,
	title = {Species-area relationships and marine conservation},
	author = {{Neigel}, {Joseph E.}},
	year = {2003},
	month = {02},
	date = {2003-02},
	journal = {Ecological Applications},
	pages = {138--145},
	volume = {13},
	number = {sp1},
	doi = {10.1890/1051-0761(2003)013[0138:SARAMC]2.0.CO;2},
	url = {http://doi.wiley.com/10.1890/1051-0761(2003)013[0138:SARAMC]2.0.CO;2},
	langid = {en}
}

@article{deguignet2014,
	title = {2014 United Nations List of Protected Areas},
	author = {{Deguignet}, {M.} and {Juffe-Bignoli}, {D.} and {Harrison}, {J.} and {MacSharry}, {B.} and {Burgess}, {N.} and {Kingston}, {N.}},
	year = {2014},
	date = {2014},
	journal = {UNEP-WCMC: Cambridge, UK.}
}

@article{turner2015,
	title = {Landscape ecology in theory and practice: pattern and process. Springer},
	author = {{Turner}, {M. G.} and {Gardner}, {R. H.} and {O'Neill}, {R. V.}},
	year = {2015},
	date = {2015},
	journal = {New York}
}

@book{rodríguez-iturbe2001,
	title = {Fractal river basins: chance and self-organization},
	author = {{Rodríguez-Iturbe}, {Ignacio} and {Rinaldo}, {Andrea}},
	year = {2001},
	date = {2001},
	publisher = {Cambridge University Press},
	address = {New York, NY}
}

@article{grant2007,
	title = {Living in the branches: population dynamics and ecological processes in dendritic networks},
	author = {{Grant}, {E. H. C.} and {Lowe}, {W. H.} and {Fagan}, {W. F.}},
	year = {2007},
	month = {02},
	date = {2007-02},
	journal = {Ecology Letters},
	pages = {165--175},
	volume = {10},
	number = {2}
}

@article{carrara2012,
	title = {Dendritic connectivity controls biodiversity patterns in experimental metacommunities},
	author = {{Carrara}, {F.} and {Altermatt}, {F.} and {Rodriguez-Iturbe}, {I.} and {Rinaldo}, {A.}},
	year = {2012},
	month = {04},
	date = {2012-04-10},
	journal = {Proceedings of the National Academy of Sciences},
	pages = {5761--5766},
	volume = {109},
	number = {15},
	doi = {10.1073/pnas.1119651109},
	url = {http://www.pnas.org/cgi/doi/10.1073/pnas.1119651109},
	note = {tex.ids: carraraDendriticConnectivityControls2012
ISBN: 0027-8424
publisher: National Acad Sciences},
	langid = {en}
}

@article{terui2018,
	title = {Metapopulation stability in branching river networks},
	author = {{Terui}, {A.} and {Ishiyama}, {N.} and {Urabe}, {H.} and {Ono}, {S.} and {Finlay}, {J. C.} and {Nakamura}, {F.}},
	year = {2018},
	month = {06},
	date = {2018-06-26},
	journal = {Proceedings of the National Academy of Sciences},
	pages = {E5963--E5969},
	volume = {115},
	number = {26},
	doi = {10.1073/pnas.1800060115},
	note = {PMCID: PMC6042068}
}

@article{brown2010,
	title = {Dendritic network structure constrains metacommunity properties in riverine ecosystems},
	author = {{Brown}, {B. L.} and {Swan}, {C. M.}},
	year = {2010},
	month = {05},
	date = {2010-05},
	journal = {Journal of Animal Ecology},
	pages = {571--580},
	volume = {79},
	number = {3}
}

@article{rinaldo2018,
	title = {River networks as ecological corridors: A coherent ecohydrological perspective},
	author = {{Rinaldo}, {Andrea} and {Gatto}, {Marino} and {Rodriguez-Iturbe}, {Ignacio}},
	year = {2018},
	month = {02},
	date = {2018-02-01},
	journal = {Advances in Water Resources},
	pages = {27--58},
	volume = {112},
	number = {Supplement C},
	doi = {https://doi.org/10.1016/j.advwatres.2017.10.005}
}

@article{holt2018,
	title = {The role of branching in the maintenance of diversity in watersheds},
	author = {{Holt}, {Galen} and {Chesson}, {Peter}},
	year = {2018},
	date = {2018},
	journal = {Freshwater Science},
	pages = {712--730},
	volume = {37},
	number = {4},
	doi = {10.1086/700680}
}

@article{dudgeon2006,
	title = {Freshwater biodiversity: importance, threats, status and conservation challenges},
	author = {{Dudgeon}, {David} and {Arthington}, {Angela H.} and {Gessner}, {Mark O.} and {Kawabata}, {Zen-Ichiro} and {Knowler}, {Duncan J.} and {Lévêque}, {Christian} and {Naiman}, {Robert J.} and {Prieur{-}Richard}, {Anne-Hélène} and {Soto}, {Doris} and {Stiassny}, {Melanie L. J.} and {Sullivan}, {Caroline A.}},
	year = {2006},
	date = {2006},
	journal = {Biological Reviews},
	pages = {163--182},
	volume = {81},
	number = {2},
	doi = {https://doi.org/10.1017/S1464793105006950},
	url = {http://onlinelibrary.wiley.com/doi/abs/10.1017/S1464793105006950},
	note = {{\_}eprint: https://onlinelibrary.wiley.com/doi/pdf/10.1017/S1464793105006950
tex.ids: dudgeonFreshwaterBiodiversityImportance2006},
	langid = {en}
}

@article{moore2015,
	title = {Emergent stability in a large, free{-}flowing watershed},
	author = {{Moore}, {Jonathan W.} and {Beakes}, {Michael P.} and {Nesbitt}, {Holly K.} and {Yeakel}, {Justin D.} and {Patterson}, {David A.} and {Thompson}, {Lisa A.} and {Phillis}, {Corey C.} and {Braun}, {Douglas C.} and {Favaro}, {Corinna} and {Scott}, {David}},
	year = {2015},
	date = {2015},
	journal = {Ecology},
	pages = {340--347},
	volume = {96},
	number = {2}
}

@article{yeakel2014,
	title = {Synchronisation and stability in river metapopulation networks},
	author = {{Yeakel}, {J. D.} and {Moore}, {J. W.} and {Guimarães}, {P. R.} and {de Aguiar}, {M. A. M.}},
	year = {2014},
	date = {2014},
	journal = {Ecology Letters},
	pages = {273--283},
	volume = {17},
	number = {3},
	doi = {10.1111/ele.12228},
	url = {http://onlinelibrary.wiley.com/doi/abs/10.1111/ele.12228},
	note = {{\_}eprint: https://onlinelibrary.wiley.com/doi/pdf/10.1111/ele.12228
tex.ids: yeakelSynchronisationStabilityRiver2014},
	langid = {en}
}

@article{iwasaki2012,
	title = {Evaluating the relationship between basin-scale fish species richness and ecologically relevant flow characteristics in rivers worldwide},
	author = {{Iwasaki}, {Yuichi} and {Ryo}, {Masahiro} and {Sui}, {Pengzhe} and {Yoshimura}, {Chihiro}},
	year = {2012},
	date = {2012},
	journal = {Freshwater Biology},
	pages = {2173--2180},
	volume = {57},
	number = {10},
	doi = {https://doi.org/10.1111/j.1365-2427.2012.02861.x},
	url = {https://onlinelibrary.wiley.com/doi/abs/10.1111/j.1365-2427.2012.02861.x},
	note = {{\_}eprint: https://onlinelibrary.wiley.com/doi/pdf/10.1111/j.1365-2427.2012.02861.x},
	langid = {en}
}

@article{thompson2020,
	title = {A process-based metacommunity framework linking local and regional scale community ecology},
	author = {{Thompson}, {Patrick L.} and {Guzman}, {Laura Melissa} and {De Meester}, {Luc} and {Horváth}, {Zsófia} and {Ptacnik}, {Robert} and {Vanschoenwinkel}, {Bram} and {Viana}, {Duarte S.} and {Chase}, {Jonathan M.}},
	year = {2020},
	date = {2020},
	journal = {Ecology Letters},
	pages = {1314--1329},
	volume = {23},
	doi = {10.1111/ele.13568}
}

@article{peterson2013,
	title = {Modelling dendritic ecological networks in space: an integrated network perspective},
	author = {{Peterson}, {E. E.} and {Ver Hoef}, {J. M.} and {Isaak}, {D. J.} and {Falke}, {J. A.} and {Fortin}, {M. J.} and {Jordan}, {C. E.} and {McNyset}, {K.} and {Monestiez}, {P.} and {Ruesch}, {A. S.} and {Sengupta}, {A.} and {Som}, {N.} and {Steel}, {E. A.} and {Theobald}, {D. M.} and {Torgersen}, {C. E.} and {Wenger}, {S. J.}},
	year = {2013},
	month = {05},
	date = {2013-05},
	journal = {Ecology Letters},
	pages = {707--719},
	volume = {16},
	number = {5},
	doi = {10.1111/ele.12084}
}

@article{poff2007,
	title = {Homogenization of regional river dynamics by dams and global biodiversity implications},
	author = {{Poff}, {N. LeRoy} and {Olden}, {Julian D.} and {Merritt}, {David M.} and {Pepin}, {David M.}},
	year = {2007},
	month = {04},
	date = {2007-04-03},
	journal = {Proceedings of the National Academy of Sciences},
	pages = {5732--5737},
	volume = {104},
	number = {14},
	doi = {10.1073/pnas.0609812104}
}

@article{radinger2014,
	title = {Patterns and predictors of fish dispersal in rivers},
	author = {{Radinger}, {Johannes} and {Wolter}, {Christian}},
	year = {2014},
	date = {2014},
	journal = {Fish and Fisheries},
	pages = {456--473},
	volume = {15},
	number = {3}
}

@article{grill2019,
	title = {Mapping the world{\textquoteright}s free-flowing rivers},
	author = {{Grill}, {G.} and {Lehner}, {B.} and {Thieme}, {M.} and {Geenen}, {B.} and {Tickner}, {D.} and {Antonelli}, {F.} and {Babu}, {S.} and {Borrelli}, {P.} and {Cheng}, {L.} and {Crochetiere}, {H.} and {Ehalt Macedo}, {H.} and {Filgueiras}, {R.} and {Goichot}, {M.} and {Higgins}, {J.} and {Hogan}, {Z.} and {Lip}, {B.} and {McClain}, {M. E.} and {Meng}, {J.} and {Mulligan}, {M.} and {Nilsson}, {C.} and {Olden}, {J. D.} and {Opperman}, {J. J.} and {Petry}, {P.} and {Reidy Liermann}, {C.} and {Sáenz}, {L.} and {Salinas-Rodríguez}, {S.} and {Schelle}, {P.} and {Schmitt}, {R. J. P.} and {Snider}, {J.} and {Tan}, {F.} and {Tockner}, {K.} and {Valdujo}, {P. H.} and {van Soesbergen}, {A.} and {Zarfl}, {C.}},
	year = {2019},
	month = {05},
	date = {2019-05-01},
	journal = {Nature},
	pages = {215--221},
	volume = {569},
	number = {7755},
	doi = {10.1038/s41586-019-1111-9}
}

@article{elmore2008,
	title = {Disappearing headwaters: patterns of stream burial due to urbanization},
	author = {{Elmore}, {Andrew J.} and {Kaushal}, {Sujay S.}},
	year = {2008},
	date = {2008},
	journal = {Frontiers in Ecology and the Environment},
	pages = {308--312},
	volume = {6},
	number = {6},
	doi = {https://doi.org/10.1890/070101},
	url = {https://esajournals.onlinelibrary.wiley.com/doi/abs/10.1890/070101},
	note = {{\_}eprint: https://esajournals.onlinelibrary.wiley.com/doi/pdf/10.1890/070101},
	langid = {en}
}

@article{koning2020,
	title = {A network of grassroots reserves protects tropical river fish diversity},
	author = {{Koning}, {Aaron A.} and {Perales}, {K. Martin} and {Fluet-Chouinard}, {Etienne} and {McIntyre}, {Peter B.}},
	year = {2020},
	month = {12},
	date = {2020-12-24},
	journal = {Nature},
	pages = {631--635},
	volume = {588},
	number = {7839},
	doi = {10.1038/s41586-020-2944-y},
	url = {http://www.nature.com/articles/s41586-020-2944-y},
	langid = {en}
}

@article{peckham1999,
	title = {A reformulation of Horton's laws for large river networks in terms of statistical self{-}similarity},
	author = {{Peckham}, {Scott D.} and {Gupta}, {Vijay K.}},
	year = {1999},
	date = {1999},
	journal = {Water Resources Research},
	pages = {2763--2777},
	volume = {35},
	number = {9}
}

@article{carraro2020,
	title = {Generation and application of river network analogues for use in ecology and evolution},
	author = {{Carraro}, {Luca} and {Bertuzzo}, {Enrico} and {Fronhofer}, {Emanuel A.} and {Furrer}, {Reinhard} and {Gounand}, {Isabelle} and {Rinaldo}, {Andrea} and {Altermatt}, {Florian}},
	year = {2020},
	date = {2020},
	journal = {Ecology and Evolution},
	pages = {7537--7550},
	volume = {10},
	number = {14},
	doi = {10.1002/ece3.6479}
}

@article{benda2004,
	title = {The network dynamics hypothesis: how channel networks structure riverine habitats},
	author = {{Benda}, {L. E. E.} and {Poff}, {N. Leroy} and {Miller}, {Daniel} and {Dunne}, {Thomas} and {Reeves}, {Gordon} and {Pess}, {George} and {Pollock}, {Michael}},
	year = {2004},
	date = {2004},
	journal = {Bioscience},
	pages = {413--427},
	volume = {54},
	number = {5}
}

@article{fronhofer2017,
	title = {Classical metapopulation dynamics and eco-evolutionary feedbacks in dendritic networks},
	author = {{Fronhofer}, {E. A.} and {Altermatt}, {F.}},
	year = {2017},
	month = {12},
	date = {2017-12},
	journal = {Ecography},
	pages = {1455--1466},
	volume = {40},
	number = {12},
	doi = {10.1111/ecog.02761},
	langid = {English}
}

@book{beverton1957,
	title = {On the dynamics of exploited fish populations.},
	author = {{Beverton}, {Raymond JH} and {Holt}, {Sidney J.}},
	year = {1957},
	date = {1957},
	publisher = {Chapman and Hall},
	series = {Fisheries and Food},
	volume = {1},
	address = {London}
}

@article{chaianunporn2015,
	title = {Evolutionary responses to climate change in parasitic systems},
	author = {{Chaianunporn}, {Thotsapol} and {Hovestadt}, {Thomas}},
	year = {2015},
	date = {2015},
	journal = {Global Change Biology},
	pages = {2905--2916},
	volume = {21},
	number = {8},
	doi = {10.1111/gcb.12944}
}

@misc{rcoreteam2020,
	title = {R: A language and environment for statistical computing. R Foundation for Statistical   Computing, Vienna, Austria. https://www.R-project.org/},
	author = {{R Core Team}, {}},
	year = {2020},
	date = {2020},
	url = {https://www.R-project.org/}
}

@article{fukushima2007,
	title = {Modelling the effects of dams on freshwater fish distributions in Hokkaido, Japan},
	author = {{Fukushima}, {Michio} and {Kameyama}, {Satoshi} and {Kaneko}, {Masami} and {Nakao}, {Katsuya} and {Ashley Steel}, {E.}},
	year = {2007},
	date = {2007},
	journal = {Freshwater Biology},
	pages = {1511--1524},
	volume = {52},
	number = {8},
	doi = {doi:10.1111/j.1365-2427.2007.01783.x}
}

@misc{fukushima2011,
	title = {Hokkaido freshwater fish database HFish. Center for Environmental Biology and Ecosystem Studies, National Institute for Environmental Studies. http://www.nies.go.jp/biology/data/hfish.html},
	author = {{Fukushima}, {M.}},
	year = {2011},
	date = {2011},
	url = {http://www.nies.go.jp/biology/data/hfish.html}
}

@article{comte2021,
	title = {RivFishTIME: A global database of fish time-series to study global change ecology in riverine systems},
	author = {{Comte}, {Lise} and {Carvajal{-}Quintero}, {Juan} and {Tedesco}, {Pablo A.} and {Giam}, {Xingli} and {Brose}, {Ulrich} and {Er{{\H o}}s}, {Tibor} and {Filipe}, {Ana F.} and {Fortin}, {Marie-Josée} and {Irving}, {Katie} and {Jacquet}, {Claire} and {Larsen}, {Stefano} and {Sharma}, {Sapna} and {Ruhi}, {Albert} and {Becker}, {Fernando G.} and {Casatti}, {Lilian} and {Castaldelli}, {Giuseppe} and {Dala{-}Corte}, {Renato B.} and {Davenport}, {Stephen R.} and {Franssen}, {Nathan R.} and {García{-}Berthou}, {Emili} and {Gavioli}, {Anna} and {Gido}, {Keith B.} and {Jimenez{-}Segura}, {Luz} and {Leitão}, {Rafael P.} and {McLarney}, {Bill} and {Meador}, {Jason} and {Milardi}, {Marco} and {Moffatt}, {David B.} and {Occhi}, {Thiago V. T.} and {Pompeu}, {Paulo S.} and {Propst}, {David L.} and {Pyron}, {Mark} and {Salvador}, {Gilberto N.} and {Stefferud}, {Jerome A.} and {Sutela}, {Tapio} and {Taylor}, {Christopher} and {Terui}, {Akira} and {Urabe}, {Hirokazu} and {Vehanen}, {Teppo} and {Vitule}, {Jean R. S.} and {Zeni}, {Jaquelini O.} and {Olden}, {Julian D.}},
	year = {2021},
	date = {2021},
	journal = {Global Ecology and Biogeography},
	pages = {38--50},
	volume = {30},
	number = {1},
	doi = {https://doi.org/10.1111/geb.13210},
	url = {https://onlinelibrary.wiley.com/doi/abs/10.1111/geb.13210},
	note = {{\_}eprint: https://onlinelibrary.wiley.com/doi/pdf/10.1111/geb.13210},
	langid = {en}
}

@article{miyazaki2016,
	title = {Temporal dynamics of fluvial fish community caused by marine amphidromous species in the Shubuto River, southwestern Hokkaido, Japan},
	author = {{Miyazaki}, {Yusuke} and {Terui}, {Akira}},
	year = {2016},
	date = {2016},
	journal = {Ichthyological Research},
	pages = {173--179},
	volume = {63},
	number = {1},
	doi = {10.1007/s10228-015-0474-7}
}

@article{terui2016,
	title = {Three ecological factors influencing riverine fish diversity in the Shubuto River system, Japan: habitat capacity, habitat heterogeneity and immigration},
	author = {{Terui}, {Akira} and {Miyazaki}, {Yusuke}},
	year = {2016},
	date = {2016},
	journal = {Limnology},
	pages = {143--149},
	volume = {17}
}

@article{iowadepartmentofnaturalresources2004,
	title = {Biological assessment of Iowa's wadeable streams.},
	author = {{Iowa Department of Natural Resources}, {}},
	year = {2004},
	date = {2004}
}

@article{illinoisenvironmentalprotectionagency2014,
	title = {Illinois Water Monitoring Strategy 2015-2020.},
	author = {{Illinois Environmental Protection Agency}, {}},
	year = {2014},
	date = {2014}
}

@article{minnesotapollutioncontrolagency2014,
	title = {Development of a fish-based index of biological integrity for Minnesota{\textquoteright}s rivers and streams. Document number wq-bsm2-03.},
	author = {{Minnesota Pollution Control Agency}, {}},
	year = {2014},
	date = {2014}
}

@article{wisconsindepartmentofnaturalresources2018,
	title = {Guidelines for assessing fish communities of wadeable streams in Wisconsin v2.0.},
	author = {{Wisconsin Department of Natural Resources}, {}},
	year = {2018},
	date = {2018}
}

@article{giam2016,
	title = {Environment and predation govern fish community assembly in temperate streams},
	author = {{Giam}, {Xingli} and {Olden}, {Julian D.}},
	year = {2016},
	date = {2016},
	journal = {Global Ecology and Biogeography},
	pages = {1194--1205},
	volume = {25},
	number = {10},
	doi = {https://doi.org/10.1111/geb.12475},
	url = {https://onlinelibrary.wiley.com/doi/abs/10.1111/geb.12475},
	note = {{\_}eprint: https://onlinelibrary.wiley.com/doi/pdf/10.1111/geb.12475
tex.ids: giamEnvironmentPredationGovern2016},
	langid = {en}
}

@article{chao2014,
	title = {Rarefaction and extrapolation with Hill numbers: a framework for sampling and estimation in species diversity studies},
	author = {{Chao}, {Anne} and {Gotelli}, {Nicholas J.} and {Hsieh}, {T. C.} and {Sander}, {Elizabeth L.} and {Ma}, {K. H.} and {Colwell}, {Robert K.} and {Ellison}, {Aaron M.}},
	year = {2014},
	date = {2014},
	journal = {Ecological Monographs},
	pages = {45--67},
	volume = {84},
	number = {1},
	doi = {https://doi.org/10.1890/13-0133.1},
	url = {https://esajournals.onlinelibrary.wiley.com/doi/abs/10.1890/13-0133.1},
	note = {{\_}eprint: https://esajournals.onlinelibrary.wiley.com/doi/pdf/10.1890/13-0133.1
tex.ids: chaoRarefactionExtrapolationHill2014},
	langid = {en}
}

@article{chase2020,
	title = {Ecosystem decay exacerbates biodiversity loss with habitat loss},
	author = {{Chase}, {Jonathan M.} and {Blowes}, {Shane A.} and {Knight}, {Tiffany M.} and {Gerstner}, {Katharina} and {May}, {Felix}},
	year = {2020},
	month = {08},
	date = {2020-08-01},
	journal = {Nature},
	pages = {238--243},
	volume = {584},
	number = {7820},
	doi = {10.1038/s41586-020-2531-2}
}

@article{hsieh2016,
	title = {iNEXT: an R package for rarefaction and extrapolation of species diversity (Hill numbers)},
	author = {{Hsieh}, {T. C.} and {Ma}, {K. H.} and {Chao}, {Anne}},
	year = {2016},
	date = {2016},
	journal = {Methods in Ecology and Evolution},
	pages = {1451--1456},
	volume = {7},
	number = {12},
	doi = {10.1111/2041-210x.12613}
}

@article{whittaker1960,
	title = {Vegetation of the Siskiyou Mountains, Oregon and California},
	author = {{Whittaker}, {R H}},
	year = {1960},
	date = {1960},
	pages = {61},
	langid = {en}
}

@article{yamazaki2019,
	title = {MERIT Hydro: A High-Resolution Global Hydrography Map Based on Latest Topography Dataset},
	author = {{Yamazaki}, {Dai} and {Ikeshima}, {Daiki} and {Sosa}, {Jeison} and {Bates}, {Paul D.} and {Allen}, {George H.} and {Pavelsky}, {Tamlin M.}},
	year = {2019},
	date = {2019},
	journal = {Water Resources Research},
	pages = {5053--5073},
	volume = {55},
	number = {6},
	doi = {10.1029/2019wr024873}
}

@article{yamazaki2015,
	title = {Development of a global ~90m water body map using multi-temporal Landsat images},
	author = {{Yamazaki}, {Dai} and {Trigg}, {Mark A.} and {Ikeshima}, {Daiki}},
	year = {2015},
	month = {12},
	date = {2015-12-15},
	journal = {Remote Sensing of Environment},
	pages = {337--351},
	volume = {171},
	doi = {10.1016/j.rse.2015.10.014},
	url = {http://www.sciencedirect.com/science/article/pii/S0034425715301656}
}

@article{hijmans2005,
	title = {Very high resolution interpolated climate surfaces for global land areas},
	author = {{Hijmans}, {Robert J.} and {Cameron}, {Susan E.} and {Parra}, {Juan L.} and {Jones}, {Peter G.} and {Jarvis}, {Andy}},
	year = {2005},
	date = {2005},
	journal = {International Journal of Climatology},
	pages = {1965--1978},
	volume = {25},
	number = {15},
	doi = {https://doi.org/10.1002/joc.1276},
	url = {https://rmets.onlinelibrary.wiley.com/doi/abs/10.1002/joc.1276},
	note = {{\_}eprint: https://rmets.onlinelibrary.wiley.com/doi/pdf/10.1002/joc.1276
tex.ids: hijmansVeryHighResolution2005a, https://doi.org/10.1002/joc.1276
tex.eprint: https://rmets.onlinelibrary.wiley.com/doi/pdf/10.1002/joc.1276},
	langid = {en}
}

@misc{marcelbuchhorn2020,
	title = {Copernicus global land service: land cover 100m: collection 3: epoch 2015: Globe},
	year = {2020},
	month = {09},
	date = {2020-09-08},
	publisher = {Zenodo},
	doi = {10.5281/zenodo.3939038},
	url = {https://zenodo.org/record/3939038#.X_MYSNhKg2w},
	note = {DOI: 10.5281/zenodo.3939038
type: dataset},
	langid = {eng}
}

@article{lehner2011,
	title = {Global reservoir and dam database, version 1 (GRanDv1): Dams, revision 01},
	author = {{Lehner}, {B.} and {Reidy Liermann}, {C.} and {Revenga}, {C.} and {Vorosmarty}, {C.} and {Fekete}, {B.} and {Crouzet}, {P.} and {Doll}, {P.} and {Endejan}, {M.} and {Frenken}, {K.} and {Magome}, {J.} and {Nilsson}, {C.} and {Robertson}, {J.C.} and {Rodel}, {R.} and {Sindorf}, {N.} and {Wisser}, {D.}},
	year = {2011},
	date = {2011},
	url = {https://doi.org/10.7927/H4N877QK},
	note = {Place: Palisades, NY}
}

@misc{brenning2018,
	title = {RSAGA: SAGA geoprocessing and terrain analysis. R package version 1.3.0. https://CRAN.R-project.org/package=RSAGA},
	author = {{Brenning}, {Alexander} and {Bangs}, {Donovan} and {Becker}, {Marc}},
	year = {2018},
	date = {2018},
	url = {https://CRAN.R-project.org/package=RSAGA}
}

@article{pebesma2018,
	title = {Simple features for R: standardized support for spatial vector data},
	author = {{Pebesma}, {Edzer}},
	year = {2018},
	date = {2018},
	journal = {The R Journal},
	pages = {439--446},
	volume = {10},
	number = {1},
	url = {https://journal.r-project.org/archive/2018/RJ-2018-009/index.html},
	langid = {en}
}

@article{hijmans2020,
	title = {raster: geographic data analysis and modeling. R package version 3.3-13.   https://CRAN.R-project.org/package=raster},
	author = {{Hijmans}, {Robert J.}},
	year = {2020},
	date = {2020}
}

@article{rogerbivand2020,
	title = {rgdal: bindings for the {\textquoteright}geospatial{\textquoteright} data abstraction library. R package version 1.5-18. https://CRAN.R-project.org/package=rgdal},
	author = {{Roger Bivand}, {} and {Tim Keitt}, {} and {Barry Rowlingson}, {}},
	year = {2020},
	date = {2020}
}

@article{edzerpebesma2020,
	title = {stars: spatiotemporal arrays, raster and vector data cubes. R package version 0.4-3.   https://CRAN.R-project.org/package=stars},
	author = {{Edzer Pebesma}, {}},
	year = {2020},
	date = {2020}
}

@article{danielbaston2020,
	title = {exactextractr: Fast extraction from raster datasets using polygons. R package version 0.5.0.   https://CRAN.R-project.org/package=exactextractr},
	author = {{Daniel Baston}, {}},
	year = {2020},
	date = {2020}
}

@article{wagenmakers2007,
	title = {A practical solution to the pervasive problems of p values},
	author = {{Wagenmakers}, {Eric-Jan}},
	year = {2007},
	month = {10},
	date = {2007-10-01},
	journal = {Psychonomic Bulletin & Review},
	pages = {779--804},
	volume = {14},
	number = {5},
	doi = {10.3758/BF03194105},
	url = {https://doi.org/10.3758/BF03194105},
	langid = {en}
}

@article{mccluney2014,
	title = {Riverine macrosystems ecology: sensitivity, resistance, and resilience of whole river basins with human alterations},
	author = {{McCluney}, {Kevin E} and {Poff}, {N LeRoy} and {Palmer}, {Margaret A} and {Thorp}, {James H} and {Poole}, {Geoffrey C} and {Williams}, {Bradley S} and {Williams}, {Michael R} and {Baron}, {Jill S}},
	year = {2014},
	month = {02},
	date = {2014-02},
	journal = {Frontiers in Ecology and the Environment},
	pages = {48--58},
	volume = {12},
	number = {1},
	doi = {10.1890/120367},
	url = {https://onlinelibrary.wiley.com/doi/abs/10.1890/120367},
	langid = {en}
}

@article{ers2019,
	title = {The Landscape Ecology of Rivers: from Patch-Based to Spatial Network Analyses},
	author = {{Er{{\H o}}s}, {Tibor} and {Lowe}, {Winsor H.}},
	year = {2019},
	month = {12},
	date = {2019-12-01},
	journal = {Current Landscape Ecology Reports},
	pages = {103--112},
	volume = {4},
	number = {4},
	doi = {10.1007/s40823-019-00044-6},
	url = {https://doi.org/10.1007/s40823-019-00044-6},
	langid = {en}
}
